@misc{alimentacion,
    author  = {FSA},
    title   = {Incidencia de la alergia alimentaria},
    url     = {https://funsapa.org/alergia-alimentaria/incidencia/}
}

@online{TheGuardian2016,
  title     = {10 of the best cookery apps for iPhone, iPad and Android},
  author    = {Stuart Dredge},
  year      = {2016},
  month     = {06},
  url       = {https://www.theguardian.com/technology/2016/jun/02/10-best-cookery-apps-iphone-ipad-android},
  publisher = {The Guardian}
}

@online{Healthline2022,
  title     = {The 11 Best Meal Planning Apps to Help You Lose Weight},
  author    = {Ansley Hill, RD, LD},
  year      = {2022},
  month     = {06},
  url       = {https://www.healthline.com/nutrition/best-meal-planning-apps},
  publisher = {Healthline}
}

@online{BusinessInsider2021,
  title     = {Las mejores apps de dieta y nutricin totalmente gratis: recetas, consejos y escáneres de alimentos para tener a mano en el móvil},
  author    = {Andrea N\'uñez-Torr\'on Stock},
  year      = {2021},
  month     = {06},
  url       = {https://www.businessinsider.es/mejores-apps-dieta-nutricion-gratis-877177},
  publisher = {Business Insider}
}

@online{OBS2016,
  title     = {Metodologia agile: ¿Cu\'ales son los 12 principios de su modelo?},
  author    = {Anna P\'erez},
  year      = {2016},
  month     = {08},
  url       = {https://www.obsbusiness.school/blog/metodologia-agile-cuales-son-los-12-principios-de-su-modelo},
  publisher = {OBS Business School}
}

@misc{versiones,
    title       = {GitHub, Gitlab, Bitbucket & Azure DevOps: What's The Difference?},
    year        = {2021},
    month       = {10},
    autor       = {Shanika Wickramasinghe},
    publisher   = {bmc blogs},
    url         = {https://www.bmc.com/blogs/github-vs-gitlab-vs-bitbucket/}
}

@online{ontsi2022,
  author    = {Ontsi},
  title     = {Ordenadores y hogares españoles 2022},
  year      = {2022},
  url       = {https://www.ontsi.es/es/publicaciones/ordenadores-y-hogares-espanoles-2022},
  note      = {Consultado el: 08/06/2023}
}

@online{lenguajes2023,
  author    = {Maria Coppola},
  title     = {Los 9 mejores framework para desarrollo web en 2022},
  year      = {2023},
  month     = {01},
  url       = {https://blog.hubspot.es/website/framework-desarrollo-web},
  note      = {Consultado el: 21/06/2023}
}